% Explains the impact of quantum computing on present cryptography
@article{mavroeidis2018impact,
  title={{The impact of quantum computing on present cryptography}},
  author={Mavroeidis, Vasileios and Vishi, Kamer and Zych, Mateusz D and J{\o}sang, Audun},
  journal={arXiv preprint arXiv:1804.00200},
  year={2018}
}

% Cite the following URL: 

% Explains the PQC standardization competition https://csrc.nist.gov/Projects/Post-Quantum-Cryptography
@article{nist2017pqc,
  title={{Post-Quantum Cryptography Standardization}},
  author={NIST},
  year={2017},
  note={\url{https://csrc.nist.gov/projects/post-quantum-cryptography/post-quantum-cryptography-standardization}}
}


% Explains the concept of MEDS and its application in digital signatures
@inproceedings{chou2023take,
  title={{Take your MEDS: digital signatures from matrix code equivalence}},
  author={Chou, Tung and Niederhagen, Ruben and Persichetti, Edoardo and Randrianarisoa, Tovohery Hajatiana and Reijnders, Krijn and Samardjiska, Simona and Trimoska, Monika},
  booktitle={International Conference on Cryptology in Africa},
  pages={28--52},
  year={2023},
  organization={Springer}
}

% NIST MEDS submission
@article{chou2023meds,
  title={MEDS: Matrix Equivalence Digital Signature},
  author={Chou, Tung and Niederhagen, Ruben and Persichetti, Edoardo and Ran, Lars and Randrianarisoa, Tovohery Hajatiana and Reijnders, Krijn and Samardjiska, Simona and Trimoska, Monika},
  journal={NIST PQC},
  pages={69},
  year={2023}
}

% Hardness of MCE
@article{reijnders2024hardness,
  title={Hardness estimates of the code equivalence problem in the rank metric},
  author={Reijnders, Krijn and Samardjiska, Simona and Trimoska, Monika},
  journal={Designs, Codes and Cryptography},
  pages={1--30},
  year={2024},
  publisher={Springer}
}

% Explains the concept of digital signatures
@misc{goldwasser2008lecture,
  title={Lecture Notes on Cryptography},
  author={Goldwasser, Shafi and Bellare, Mihir},
  howpublished={Chapter 10: Digital signatures, pages 168--169},
  year={2008}
}

% LESS code-based signatures without syndromes
@inproceedings{biasse2020less,
  title={{LESS is more: code-based signatures without syndromes}},
  author={Biasse, Jean-Fran{\c{c}}ois and Micheli, Giacomo and Persichetti, Edoardo and Santini, Paolo},
  booktitle={Progress in Cryptology-AFRICACRYPT 2020: 12th International Conference on Cryptology in Africa, Cairo, Egypt, July 20--22, 2020, Proceedings 12},
  pages={45--65},
  year={2020},
  organization={Springer}
}

% Fiat-Shamir transformation
@inproceedings{fiat1986prove,
  title={How to prove yourself: Practical solutions to identification and signature problems},
  author={Fiat, Amos and Shamir, Adi},
  booktitle={Conference on the theory and application of cryptographic techniques},
  pages={186--194},
  year={1986},
  organization={Springer}
}

% ARM Cortex-A Series Programmer's Guide for ARMv8-A
@misc{ARMv8A-ProgrammersGuide,
  author = {{ARM}},
  title = {{ARM Cortex-A Series Programmer's Guide for ARMv8-A}},
  year = {accessed on 26-03-2024},
  note={\url{https://developer.arm.com/documentation/den0024/latest/AArch64-Floating-point-and-NEON}}
}

% gprof
@article{graham1982gprof,
  title={{Gprof: A call graph execution profiler}},
  author={{Graham, Susan L and Kessler, Peter B and McKusick, Marshall K}},
  journal={ACM Sigplan Notices},
  volume={17},
  number={6},
  pages={120--126},
  year={1982},
  publisher={ACM New York, NY, USA}
}

@inproceedings{de2010new,
  title={{The new linux’perf’tools}},
  author={{De Melo, Arnaldo Carvalho}},
  booktitle={{Slides from Linux Kongress}},
  volume={18},
  pages={1--42},
  year={2010}
}

@article{nethercote2007valgrind,
  title={Valgrind: a framework for heavyweight dynamic binary instrumentation},
  author={Nethercote, Nicholas and Seward, Julian},
  journal={ACM Sigplan notices},
  volume={42},
  number={6},
  pages={89--100},
  year={2007},
  publisher={ACM New York, NY, USA}
}

@article{chou2024reducing,
  title={Reducing Signature Size of Matrix-code-based Signature Schemes},
  author={Chou, Tung and Niederhagen, Ruben and Ran, Lars and Samardjiska, Simona},
  journal={Cryptology ePrint Archive},
  year={2024}
}

@article{dworkin2015sha,
  title={SHA-3 standard: Permutation-based hash and extendable-output functions},
  author={Dworkin, Morris J},
  year={2015},
  publisher={Morris J. Dworkin}
}

@inproceedings{bertoni2013keccak,
  title={Keccak},
  author={Bertoni, Guido and Daemen, Joan and Peeters, Micha{\"e}l and Van Assche, Gilles},
  booktitle={Annual international conference on the theory and applications of cryptographic techniques},
  pages={313--314},
  year={2013},
  organization={Springer}
}